@book{mckinney2017python,
  title={Python for Data Analysis: Data Wrangling with Pandas, NumPy, and IPython},
  author={McKinney, Wes},
  year={2017},
  publisher={O'Reilly Media}
}

@misc{pandas_documentation,
    author = {{Pandas Development Team}},
    title = {pandas documentation},
    year = {2024},
    howpublished = {\url{https://pandas.pydata.org/docs/}},
    note = {Accessed: 2025-03-30} % Используем текущую дату
}